@article{havrish2019implementation,
  title={The implementation of massive open online courses for training future engineers in higher education},
  author={Havrish, V and Batsurovska, Ilona and Dotsenko, Nataliia and Kalinichenko, Antonina},
  journal={Trends in education},
  pages={57},
  year={2019}
}